
@Book{mctear-cui,
     author = {McTear, Michael},
     title = {The conversational interface : talking to smart devices},
     publisher = {Springer},
     year = {2016},
     address = {Switzerland},
     isbn = {978-3319329659},
     note = {Seiten 5, 20-26, 51-52}
 }
 
 @Book{pereira-ai,
     author = {Pereira, Francisco},
     title = {Progress in Artificial Intelligence : 17th Portuguese Conference on Artificial Intelligence, EPIA 2015, Coimbra, Portugal, September 8-11, 2015. Proceedings},
     publisher = {Springer},
     year = {2015},
     address = {Cham},
     isbn = {978-3-319-23484-7}
 }
 
 @Book{camastra-ml,
     author = {Camastra, Francesco},
     title = {Machine learning for audio, image and video analysis : theory and applications},
     publisher = {Springer},
     year = {2015},
     address = {London},
     isbn = {978-1-4471-6735-8}
 }
 
 @Book{biemann-nlp,
     author = {Biemann, Chris},
     title = {Natural language processing and information systems : 20th International Conference on Applications of Natural Language to Information Systems, NLDB 2015, Passau, Germany, June 17-19, 2015, Proceedings},
     publisher = {Springer},
     year = {2015},
     address = {Cham},
     isbn = {978-3-319-19580-3}
 }
 
 @Book{dong-asr,
     author = {Dong, Yu},
     title = {Automatic speech recognition : a deep learning approach},
     publisher = {Springer},
     year = {2015},
     address = {London},
     isbn = {978-1-4471-5778-6}
 }
 
 @Book{rao-tts,
     author = {Rao, K},
     title = {Predicting prosody from text for text-to-speech synthesis},
     publisher = {Springer},
     year = {2012},
     address = {New York, NY},
     isbn = {978-1-4614-1337-0}
 }

@misc{adorsys,
	title = {Company},
	howpublished = {Confluence [Online]},
	author = {{adorsys GmbH \& Co. KG}},
	month = {Mai},
	year = {2017}
}

@misc{online-bank-statista,
	title = {Online-{Banking} in {Deutschland} - {Nutzung} bis 2017},
	author = {Bundesverband deutscher Banken},
	howpublished = "\url{https://de.statista.com/statistik/daten/studie/3942/umfrage/anteil-der-nutzer-von-online-banking-in-deutschland-seit-1998/}",
    note = "[Online; Abgerufen 31.10.2017]"
}

@misc{online-bank-heise,
	title = {Online-Banking in Deutschland stärker genutzt als im EU Durchschnitt},
    author = {heise},
	howpublished = "\url{https://www.heise.de/ho/meldung/Online-Banking-in-Deutschland-staerker-genutzt-als-im-EU-Durchschnitt-3675574.html}",
	note = "[Online; Abgerufen 31.10.2017]"
}

@misc{online-bank-destatis,
	title = {Pressemitteilungen - {Online}-{Banking} in {Deutschland} beliebter als im {EU}-{Durchschnitt}},
	author = {Statistisches Bundesamt Destatis},
	howpublished = "\url{https://www.destatis.de/DE/PresseService/Presse/Pressemitteilungen/2017/04/PD17_114_63931.html}",
	note = "[Online; Abgerufen 31.10.2017]"
}
 
@misc{vrbank-finanzmanager,
	title = {Finanzmanager},
	author = {Volksbanken Raiffeisenbanken},
	howpublished = "\url{https://www.vrbank-hg.de/privatkunden/girokonto-kreditkarten/infos-banking/onlinebanking-fag1.html}",
	note = "[Online; Abgerufen 31.10.2017]"
}

@misc{fymio,
	title = {Die 1. mitdenkende Finanz-App fymio},
	author = {TeamBank AG},
	howpublished = "\url{https://www.fymio.de/}",
	note = "[Online; Abgerufen 31.10.2017]"
}

 @Book{beysolow-deep-learning,
     author = {Beysolow, Taweh},
     title = {Introduction to deep learning using R : a step-by-step guide to learning and implementing deep learning models using R},
     publisher = {Springer Science and Business Media Apress},
     year = {2017},
     isbn = {978-1-4842-2734-3}
 }
 
 @Book{pearl-design-vui,
     author = {Pearl, Cathy},
     title = {Designing voice user interfaces : principles of conversational experiences},
     publisher = {O'Reilly Media},
     year = {2016},
     address = {Sebastopol, CA},
     isbn = {9781491955413},
     note = {Seiten Kapitel 6}
 }
 
 @Book{sarodnick-usab-methoden,
     author = {Sarodnick, Florian},
     title = {Methoden der Usability Evalution : wissenschaftliche Grundlagen und praktische Anwendung},
     publisher = {Hogrefe},
     year = {2016},
     address = {Bern},
     isbn = {978-3-456-85597-4}
 }
 
@Book{vane-ts-patterns,
     author = {Vane, Vilic},
     title = {TypeScript design patterns : boost your development efficiency by learning about design patterns in TypeScript},
     publisher = {Packt Publishing},
     year = {2016},
     address = {Birmingham},
     isbn = {978-1-78588-228-9}
 }
 
 @Book{mardan-express-js,
     author = {Mardan, Azat},
     title = {Pro Express.js},
     publisher = {Apress,Distributed to the Book trade worldwide by Springer},
     year = {2014},
     address = {Berkeley, CA New York, NY},
     isbn = {978-1-4842-0037-7}
 }
 
 @Book{richter-ux-compact,
     author = {Richter, Michael},
     title = {Usability und UX kompakt Produkte für Menschen},
     publisher = {Springer Berlin Heidelberg},
     year = {2016},
     address = {Berlin, Heidelberg},
     isbn = {978-3-662-49828-6},
     note = {Seiten 8,11,30f,45f,56f, 72-74, 85f}
 }
 
 @Book{freeman-headfirst-patterns,
     author = {Freeman, Eric},
     title = {Head First design patterns},
     publisher = {O'Reilly},
     year = {2004},
     address = {Sebastopol, CA},
     isbn = {0-596-00712-4},
     note = {Seiten 117, 356-358}
 }
 
 @Book{watson-uncanney-valley,
     author = {Watson, Richard},
     title = {50 Schlüsselideen der Zukunft},
     publisher = {Imprint Springer Spektrum},
     year = {2014},
     address = {Berlin, Heidelberg},
     isbn = {978-3-642-40743-7},
     note = {Seiten 136f}
 }
 
 @misc{copeland_difference_2016,
    author = {Copeland, Michael},
	title = {The difference between AI, Machine Learning and Deep Learning? {\textbar} NVIDIA Blog},
	howpublished = "\url{https://blogs.nvidia.com/blog/2016/07/29/whats-difference-artificial-intelligence-machine-learning-deep-learning-ai/}",
	note = "[Online; Abgerufen 31.10.2017]",
	year = {2016}
}

@misc{amazon-developer-alexa,
    author = {Amazon},
	title = {Amazon Alexa},
	howpublished = "\url{https://developer.amazon.com/alexa}",
	note = "[Online; Abgerufen 31.10.2017]"
}

@misc{amazon-developer,
    author = {Amazon},
	title = {Amazon Developer Services},
	howpublished = "\url{https://developer.amazon.com/}",
    note = "[Online; Abgerufen 31.10.2017]"
}

@misc{amazon-echo,
    author = {Amazon},
	title = {Amazon Echo (Vorgängergeneration) - Alexa Voice Service - Amazon.de},
	howpublished = "\url{https://www.amazon.de/dp/B01GAGVCUY/ref=twister_B01KPANZX8?_encoding=UTF8&psc=1}",
	note = "[Online; Abgerufen 31.10.2017]"
}

@misc{amazon-echo-dot,
    author = {Amazon},
	title = {Amazon {Echo} {Dot} - {Alexa} {Voice} {Service} - {Amazon}.de},
	howpublished = "\url{https://www.amazon.de/Amazon-Echo-Dot-Generation-Schwarz/dp/B01DFKBG54/ref=sr_1_1?ie=UTF8&qid=1509472261&sr=8-1&keywords=echo+dot}",
	note = "[Online; Abgerufen 31.10.2017]"
}

@misc{amazon-ask,
    author = {Amazon},
	title = {Build {Skills} with the {Alexa} {Skills} {Kit} {\textbar} {ASK}},
	howpublished = "\url{https://developer.amazon.com/docs/ask-overviews/build-skills-with-the-alexa-skills-kit.html}",
	note = "[Online; Abgerufen 31.10.2017]"
}

@misc{amazon-avs,
    author = {Amazon},
	title = {Get {Started} with {AVS} {\textbar} {Alexa} {Voice} {Service}},
	howpublished = "\url{https://developer.amazon.com/docs/alexa-voice-service/get-started-with-alexa-voice-service.html}",
	note = "[Online; Abgerufen 31.10.2017]"
}

@misc{ask-responder,
    author = {3PO-Labs},
	title = {Alexa {Skills} {Kit} {Responder}},
	howpublished = "\url{http://www.3po-labs.com/blog/alexa-skills-kit-responder}",
	note = "[Online; Abgerufen 31.10.2017]"
}

@misc{dialogflow-api-ai,
    author = {Dialogflow},
	title = {Dialogflow},
	howpublished = "\url{https://dialogflow.com/}",
    note = "[Online; Abgerufen 31.10.2017]"
}

@misc{alexa-js,
    author = {alexa-js},
	title = {Alexa ({JS})},
	howpublished = "\url{https://github.com/alexa-js}",
	note = "[Online; Abgerufen 31.10.2017]"
}

@misc{alexa-sdk,
    author = {alexa},
	title = {alexa-skills-kit-sdk-for-nodejs: {The} {Alexa} {Skills} {Kit} {SDK} for {Node}.js},
	shorttitle = {alexa-skills-kit-sdk-for-nodejs},
	howpublished = "\url{https://github.com/alexa/alexa-skills-kit-sdk-for-nodejs}",
	note = "[Online; Abgerufen 31.10.2017]"
}

@misc{bespoken,
    author = {Bespoken},
	title = {Alexa {Testing} and {Building} {Tools} for {Developers}},
	howpublished = "\url{https://bespoken.io/bst/}",
	note = "[Online; Abgerufen 31.10.2017]"
}

@misc{alexa-verifier-middleware,
    author = {alexa-js},
	title = {alexa-verifier-middleware},
	howpublisged = "\url{https://github.com/alexa-js/alexa-verifier-middleware}",
	note = "[Online; Abgerufen 31.10.2017]"
}

@misc{max-msp,
    author = {Cycling 74},
	title = {Max MSP Jitter},
	howpublished = "\url{https://cycling74.com/}",
	note = "[Online; Abgerufen 31.10.2017]"
}

@misc{adorsys-secure-storage,
    author = {adorsys GmbH \& Co. KG},
	title = {secure-storage-android: {Android} {Secure} {Storage} {Component}},
	howpublished = "\url{https://github.com/adorsys/secure-storage-android}",
	month = oct,
	year = {2017},
	note = "[Online; Abgerufen 31.10.2017]"
}

@misc{express-js,
	title = {Express - {Node}.js web application framework},
	howpublished = "\url{http://expressjs.com/}",
	note = "[Online; Abgerufen 31.10.2017]"
}

@misc{node-js,
    author = {Foundation, Node js},
	title = {Node.js},
	howpublished = "\url{https://nodejs.org/en/}",
	note = "[Online; Abgerufen 31.10.2017]"
}

@misc{typescript,
    author = {Microsoft},
	title = {{TypeScript} - {JavaScript} that scales.},
	howpublished = "\url{https://www.typescriptlang.org/}",
	note = "[Online; Abgerufen 31.10.2017]"
}

@misc{request-promise,
    author = {request},
	title = {request-promise},
	howpublished = "\url{https://www.npmjs.com/package/request-promise}",
	note = "[Online; Abgerufen 31.10.2017]"
}

@misc{ts-express-node,
    author = {Brian Love},
	title = {{TypeScript} + {Express} + {Node}.js {\textbar} {Brian} {Love}},
	howpublished = "\url{http://brianflove.com/2016/03/29/typescript-express-node-js/}",
	note = "[Online; Abgerufen 31.10.2017]"
}

@misc{alexa-github,
    author = {Amazon},
	title = {Alexa github Repositories},
	howpublished = "\url{https://github.com/alexa}",
	note = "[Online; Abgerufen 31.10.2017]"
}

@misc{hipster-facade-textio,
    author = {Harris, Jensen},
	title = {Why bots aren’t the real AI disruption},
	howpublished = "\url{https://textio.ai/bots-ai-enterprise-innovation-afd7d2155330}",
	note = "[Online; Abgerufen 31.10.2017]"
}

@misc{cui-future-interface,
    author = {Weddehage, Jan},
	title = {10 Gründe, warum Conversational UIs die Zukunft gehört},
	howpublished = "\url{https://entwickler.de/online/ux/conversational-user-interfaces-10-gruende-250714.html}",
	note = "[Online; Abgerufen 31.10.2017]",
	month = jun,
	year = {2016}
}

@misc{abfallkalender,
    author = {Mankei},
	title = {Abfallkalender: {Amazon}.de: {Alexa} {Skills}},
	howpublished = "\url{https://www.amazon.de/gp/product/B06XVYJMLM?ref=skillrw_dsk_tes_gw_4}",
	note = "[Online; Abgerufen 31.10.2017]"
}

@misc{google-forms,
    author = {Google},
	title = {Google {Forms} - create and analyze surveys, for free.},
	howpublished = "\url{https://www.google.com/forms/about/}",
	note = "[Online; Abgerufen 31.10.2017]"
}

@misc{survey-monkey,
    author = {Survey Monkey},
	title = {{SurveyMonkey} {Angebote} und {Preise}},
	howpublished = "\url{https://de.surveymonkey.com/pricing/?ut_source=header}",
	note = "[Online; Abgerufen 31.10.2017]"
}

@misc{umfrage-online,
    author = {Umfrage Online},
	title = {Features - {Alle} {Online}-{Umfrage} {Funktionen} im Überblick},
	howpublished = "\url{https://www.umfrageonline.com/features}",
	note = "[Online; Abgerufen 31.10.2017]"
}

@misc{usab-toolkit,
    author = {Institut für Informationswissenschaft und Sprachtechnologie der Universität Hildesheim},
	title = {usability-toolkit.de: {Tools} und {Methoden} für {Usability} und {User} {Experience} in {Web}-{Projekten}},
	howpublished = "\url{http://usability-toolkit.de/}",
	note = "[Online; Abgerufen 31.10.2017]"
}

@misc{alexa-workshop,
    author = {Amazon},
	title = {Hello Alexa - Munich},
	howpublished = {Workshop},
	note = "[Veranstaltungsort: The Westin Grand Munich, Datum: 21.03.2017-22.03.2017]"
}

@misc{sayspring,
    author = {Sayspring},
	title = {Sayspring - Design, Prototype, Share},
	howpublished = "\url{https://www.sayspring.com/}",
	note = "[Online; Abgerufen 06.11.2017]"
}

@misc{wit-ai,
    author = {Wit.ai},
	title = {Wit.ai - Natural Language for Developers},
	howpublished = "\url{https://wit.ai/}",
	note = "[Online; Abgerufen 06.11.2017]"
}

@misc{sayspring-german-support,
    author = {Dialogflow},
	title = {Introducing Dialogflow, the new name for API.AI},
	howpublished = "\url{https://www.sayspring.com/blog/sayspring-now-supports-multiple-languages/}",
	note = "[Online; Abgerufen 05.09.2017]"
}

@misc{alexa-voice-recognition,
    author = {Ingo Pakalski},
	title = {Amazons Alexa erhält Stimmenerkennung},
	howpublished = "\url{https://www.golem.de/news/digitaler-assistant-amazons-alexa-erhaelt-stimmenerkennung-1710-130568.html}",
	note = "[Online; Abgerufen 11.11.2017]"
}

@misc{npm,
    author = {npm, Inc},
	title = {npm},
	howpublished = "\url{https://www.npmjs.com}",
	note = "[Online; Abgerufen 13.11.2017]"
}

@misc{typeorm,
    author = {typeorm},
	title = {TypeORM},
	howpublished = "\url{http://typeorm.io/#/}",
	note = "[Online; Abgerufen 13.11.2017]"
}

@misc{postgres,
    author = {PostgreSQL Global Development Group},
	title = {PostgreSQL},
	howpublished = "\url{https://www.postgresql.org/}",
	note = "[Online; Abgerufen 13.11.2017]"
}

@misc{firebase,
    author = {Google},
	title = {Firebase},
	howpublished = "\url{https://firebase.google.com/}",
	note = "[Online; Abgerufen 13.11.2017]"
}

@misc{android,
    author = {Google},
	title = {Android},
	howpublished = "\url{https://www.android.com/}",
	note = "[Online; Abgerufen 13.11.2017]"
}

@misc{alexa-verify-request,
    author = {Amazon},
	title = {Host a custom skill as a web service},
	howpublished = "\url{https://developer.amazon.com/docs/custom-skills/host-a-custom-skill-as-a-web-service.html}",
	note = "[Online; Abgerufen 13.11.2017]"
}

@misc{aws-lambda,
    author = {Amazon},
	title = {host a custom skill as an AWS Lambda function},
	howpublished = "\url{https://developer.amazon.com/docs/custom-skills/host-a-custom-skill-as-an-aws-lambda-function.html}",
	note = "[Online; Abgerufen 13.11.2017]"
}

@misc{alexa-response-request-format,
    author = {Amazon},
	title = {Request and Response JSON reference},
	howpublished = "\url{https://developer.amazon.com/docs/custom-skills/request-and-response-json-reference.html}",
	note = "[Online; Abgerufen 13.11.2017]"
}

@misc{alexa-slot-types,
    author = {Amazon},
	title = {Slot Type Reference},
	howpublished = "\url{https://developer.amazon.com/docs/custom-skills/slot-type-reference.html}",
	note = "[Online; Abgerufen 13.11.2017]"
}

@misc{docker,
    author = {Docker Inc.},
	title = {Docker},
	howpublished = "\url{https://www.docker.com/}",
	note = "[Online; Abgerufen 16.11.2017]"
}

@misc{openshift,
    author = {Red Hat, Inc.},
	title = {OpenShift},
	howpublished = "\url{https://www.openshift.com/}",
	note = "[Online; Abgerufen 16.11.2017]"
}
